@misc{KKRT,
    author = {Vladimir Kolesnikov and Ranjit Kumaresan and Mike Rosulek and Ni Trieu},
    title = {Efficient Batched Oblivious PRF with Applications to Private Set Intersection},
    howpublished = {Cryptology ePrint Archive, Report 2016/799},
    year = {2016},
    note = {\url{http://eprint.iacr.org/2016/799}},
}
@misc{PSSZ,
    author = {Benny Pinkas and Thomas Schneider and Gil Segev and Michael Zohner},
    title = {Phasing: Private Set Intersection using Permutation-based Hashing},
    howpublished = {Cryptology ePrint Archive, Report 2015/634},
    year = {2015},
    note = {\url{http://eprint.iacr.org/2015/634}},
}
@misc{KK,
    author = {Vladimir Kolesnikov and Ranjit Kumaresan},
    title = {Improved OT Extension for Transferring Short Secrets},
    howpublished = {Cryptology ePrint Archive, Report 2013/491},
    year = {2013},
    note = {\url{http://eprint.iacr.org/2013/491}},
}
@misc{IKNP,
  title={Extending Oblivious Transfers Efficiently},
  author={Yuval Ishai and Joe Kilian and Kobbi Nissim and Erez Petrank},
  howpublished={CRYPTO},
  year={2003}
}
@misc{CNS,
	title={Simulatable Adaptive Oblivious Transfer},
	author={Jan Camenisch and Gregory Neven and Abhi Shelat},
	howpublished={EUROCRYPT 2007},
	year={2007},
	pages={573--590}
}
@misc{FIPR,
 author = {Freedman, Michael J. and Ishai, Yuval and Pinkas, Benny and Reingold, Omer},
 title = {Keyword Search and Oblivious Pseudorandom Functions},
 booktitle = {Proceedings of the Second International Conference on Theory of Cryptography},
 series = {TCC'05},
 year = {2005},
 isbn = {3-540-24573-1, 978-3-540-24573-5},
 location = {Cambridge, MA},
 pages = {303--324},
 numpages = {22},
 url = {http://dx.doi.org/10.1007/978-3-540-30576-7_17},
 doi = {10.1007/978-3-540-30576-7_17},
 acmid = {2140027},
 publisher = {Springer-Verlag},
 address = {Berlin, Heidelberg},
 keywords = {oblivious pseudorandom functions, privacy-preserving protocols, private information retrieval, secure keyword search, secure two-party protocols},
}
